2873 4263
1170 293 1753 340 rnrnssnoossrvm
2385 279 2510 345 147

492 467 626 530 419.
715 467 772 530 1.
835 464 992 546 Quis
1033 464 1236 528 filiam
1274 464 1654 551 Orgetorigis
1691 467 1755 531 in
1799 468 2247 532 matrimonium
2285 467 2514 535 duxit?

713 574 771 635 2.
831 569 945 633 Cui
972 569 1298 654 Orgetorix
1320 570 1523 635 filiam
1546 594 1717 635 suam
1737 572 1799 635 in
1823 573 2276 636 matrimonium
2296 573 2509 639 dedit?

832 673 1003 753 Quae
1030 673 1326 762 'civitates
1372 675 1604 739 Galliae
1651 684 1824 739 novis
1873 674 2049 741 rEbus
2094 676 2469 744 studebant?

832 777 987 857 Quis
1034 778 1147 842 hoe
1193 801 1345 864 opus
1393 779 1711 864 perficiet?

829 880 1028 962 Quem
1071 882 1330 967 Delphis
1378 882 1635 947 vidisti?

831 986 985 1066 Quis
1029 996 1122 1051 est
1166 986 1315 1051 hie?
1406 988 1531 1068 Qui
1580 996 1723 1053 sunt
1765 989 1909 1054 illi?

829 1090 1029 1171 Quam
1074 1089 1153 1155 ob
1203 1114 1326 1155 rem
1371 1091 1587 1156 Caesar
1637 1093 1695 1156 id
1747 1095 2036 1181 oppidum
2088 1091 2400 1161 munivit?

828 1194 1034 1276 Quare
1078 1196 1205 1260 dux
1249 1196 1475 1261 milites
1520 1197 1853 1283 culpabat?

826 1299 902 1363 In
949 1298 1173 1385 quibus
1217 1299 1438 1365 Caesar
1481 1325 1647 1389 spem
1694 1303 1945 1388 posuit?

825 1402 997 1483 Quae
1040 1402 1263 1489 oppida
1306 1402 1526 1469 Caesar
1568 1406 1999 1491 expugnavit?

821 1562 987 1628 Who
1031 1562 1130 1628 led
1172 1563 1442 1628 Caesar's
1488 1567 1677 1629 forces
1721 1566 1852 1630 into
1898 1565 2114 1631 Gaul?

747 1719 762 1734 .
824 1667 1018 1733 What
1060 1666 1251 1734 battle
1295 1669 1411 1733 had
1460 1669 1680 1733 Caesar
1724 1670 1906 1733 heard
1951 1670 2060 1734 of?

747 1821 763 1839 .
824 1771 1053 1837 Whom
1111 1773 1231 1838 had
1284 1774 1387 1838 the
1453 1774 1804 1838 Helvetians
1864 1780 1996 1837 sent
2053 1780 2118 1839 to
2177 1774 2368 1840 Rome
2433 1799 2505 1841 as

745 1868 750 1872 ⁵
916 1876 1080 1942 chief
1120 1877 1189 1942 of
1229 1878 1333 1942 the
1379 1877 1653 1963 embassy
1673 1879 1703 1941 Ρ

827 1980 1016 2045 What
1060 1981 1292 2066 legions
1339 1981 1447 2045 did
1489 1981 1707 2045 Caesar
1751 1982 1897 2046 send
1943 1983 2071 2046 into
2120 1983 2329 2048 Gaul?

825 2085 1048 2151 Where
1095 2109 1213 2150 was
1257 2086 1361 2151 the
1406 2085 1594 2172 depth
1640 2086 1708 2150 of
1749 2086 1851 2150 the
1896 2086 2055 2151 river
2101 2085 2295 2151 least?

824 2190 1014 2255 What
1059 2191 1312 2255 soldiers
1344 2191 1468 2255 will
1514 2191 1711 2275 guard
1751 2191 1854 2255 the
1896 2214 2071 2276 camp
2101 2198 2453 2256 to-morrow
2476 2191 2508 2254 ⁶?

822 2295 910 2359 To
964 2295 1164 2360 whom
1214 2296 1322 2359 did
1378 2295 1598 2360 Caesar
1648 2296 1787 2380 give
1839 2318 1874 2359 a
1924 2316 2179 2380 passage
2229 2293 2498 2382 through

913 2400 1018 2465 the
1065 2400 1345 2486 province
1364 2402 1395 2464 Ρ

745 2556 760 2571 .
819 2503 1049 2568 Whom
1094 2504 1198 2568 did
1246 2504 1465 2593 Caesar
1506 2503 1753 2589 marry?

822 2607 1081 2693 Against
1155 2610 1280 2691 (in)
1350 2609 1547 2672 whom
1607 2608 1714 2672 did
1787 2607 1996 2672 Cicero
2072 2608 2296 2673 ‹leliver
2364 2609 2499 2674 four

709 676 770 945 9³5³?

701 1565 759 1836 00²0?
704 989 767 1465 ,050907190

699 1983 762 2363 899¹?

699 2507 758 2674 5000

913 2714 1148 2778 famous
1196 2714 1458 2778 orations
1479 2716 1509 2778 ⁸?

658 2818 760 2882 10.
820 2816 988 2881 Who
1035 2817 1310 2882 defeated
1353 2817 1456 2882 the
1504 2817 1693 2882 Gauls
1739 2817 1805 2882 in
1851 2838 2028 2900 many
2076 2812 2346 2880 battles?

469 2974 606 3037 421·
1218 3008 1687 3058 νοοΑΒυιΑκΥ.

468 3139 535 3188 in
561 3138 1024 3191 matrimonium
1052 3139 1217 3199 dare,
1249 3131 1384 3209 qive
1414 3133 1483 3190 in
1511 3130 1836 3208 marriaqe.

466 3237 533 3286 in
561 3236 1022 3287 matrimonium
1053 3236 1299 3297 ducere,
1330 3249 1562 3305 marry.

469 3346 693 3394 novae,
723 3347 906 3395 nova,
937 3348 1189 3396 novum,
1219 3329 1351 3402 adj„
1380 3346 1526 3385 new.

468 3431 769 3495 per-flcio,
799 3431 1115 3494 perficere,
1147 3432 1400 3495 perfect
1430 3433 1799 3494 perfectum,
1815 3424 2041 3501 finis-lc,
2072 3423 2452 3500 accomplish..

469 3530 595 3590 qut,
627 3540 807 3590 quae,
838 3528 1028 3590 quod,
1058 3524 1310 3595 interrog.
1339 3524 1467 3594 adj.,
1500 3521 1718 3595 which,
1749 3523 1934 3580 what.

469 3625 629 3687 quis,
659 3637 841 3689 quae,
870 3625 1043 3687 quid,
1074 3621 1330 3692 interrog.
1358 3638 1532 3691 prou,
1563 3620 1695 3676 who
1719 3620 1751 3675 ?
1793 3617 1992 3676 which,
2015 3619 2048 3676 ?
2088 3617 2255 3676 what
2277 3616 2309 3671 ?

469 3722 715 3783 studeo,
743 3722 1020 3783 stature,
1050 3722 1284 3783 studia,
1481 3762 1493 3782 ,
1525 3716 1737 3787 desire,
1770 3716 1835 3773 be
1864 3734 2043 3791 eaqer
2055 3715 2184 3791 for.

470 3821 713 3883 super-6,
744 3823 1055 3883 superare,
1085 3823 1396 3882 superma,
1428 3823 1809 3882 superatum,
1842 3812 2064 3888 defeat,
2093 3829 2367 3884 con-quer.
