2873 4263
484 525 768 591 6841.

910 348 1201 396 causus
1245 348 1662 398 mraooucnn
1707 351 1794 397 ΒΥ
1836 360 1997 401 cum.
2378 334 2505 403 259

828 522 985 587 Cum
1030 528 1188 587 esset
1229 522 1451 587 Caesar
1491 522 1558 587 in
1602 521 1892 601 hibernis,
1932 524 2007 587 ad
2055 546 2195 605 eum
2234 532 2505 589 rumores

919 625 1345 691 adferebantur
1389 634 1588 691 omnIs
1632 627 1852 711 Belgas
1895 628 2230 692 coniurare.

826 732 1036 795 Prima
1071 730 1227 809 luce,
1259 753 1398 795 cum
1427 754 1704 809 summus
1744 740 1918 796 mons
1959 742 1996 795 a
2035 731 2306 797 Labieno
2335 739 2502 798 tene-

920 843 1103 913 retur,
1134 834 1458 900 Considius
1502 834 1577 899 ad
1623 834 1933 899 Caesarem
1980 836 2259 925 accurrit.

825 940 981 1004 Cum
1027 938 1319 1026 oppidum
1362 939 1867 1025 expugnaverint,
1899 947 2052 1003 civis
2097 949 2292 1004 omnis
2325 951 2499 1005 neca-

921 1042 1093 1108 bunt.
1724 1120 1729 1123 ,

827 1149 1099 1214 Helvetii
1145 1149 1267 1213 fere
1312 1148 1662 1214 cottidianis
1709 1148 1951 1234 proeliis
1999 1171 2153 1237 cum,
2183 1150 2501 1215 Germanis

917 1254 1310 1332 contendunt,
1357 1276 1496 1318 cum
1558 1260 1665 1335 aut
1725 1262 1853 1318 suis
1910 1253 2145 1319 finibus
2205 1263 2309 1319 eos
2362 1278 2499 1340 pro-

918 1358 1148 1438 hibent,
1208 1366 1316 1424 aut
1380 1359 1498 1445 ipsi
1566 1358 1630 1423 in
1697 1367 1906 1423 eorum
1975 1357 2209 1423 finibus
2276 1358 2500 1423 bellum

920 1470 1156 1548 gerunt.
1332 1534 1337 1543 ,

821 1567 976 1632 Cum
1002 1566 1250 1653 'pabuli‘
1285 1567 1461 1654 copia
1511 1590 1640 1633 esse
1690 1567 2003 1653 inciperet,
2049 1566 2125 1632 ad
2169 1566 2498 1632 exercitum

916 1671 1100 1738 venit.
1607 1746 1613 1753 .
1976 1668 1983 1675 ’

822 1776 1056 1854 Caesar,
1118 1799 1258 1841 cum
1315 1776 1381 1841 id
1457 1774 1805 1841 nuntiatum
1866 1781 2042 1853 esset,
2101 1775 2167 1865 in
2236 1776 2499 1840 Galliam

915 1880 1245 1946 contendit.
1713 1964 1717 1968 ,

820 1986 977 2051 Cum
1052 1985 1240 2049 finem
1324 1987 1718 2073 oppugnandi
1794 2010 1917 2050 nox
1988 1986 2246 2063 fecisset,
2301 1985 2499 2049 Iccius

915 2090 1164 2170 RemuS,
1212 2100 1318 2178 qui
1364 2099 1498 2157 tum
1543 2092 1767 2179 oppido
1815 2091 2172 2178 praefuerat,
2215 2090 2496 2170 nuntium

911 2194 991 2286 ad
1038 2219 1173 2259 eum
1223 2197 1405 2262 misit.

821 2291 920 2382 Ad
965 2290 1038 2363 te·
1073 2300 1353 2379 scribam,
1386 2324 1524 2365 cum
1574 2302 1711 2387 plns
1758 2296 1868 2364 otii
1917 2297 2177 2366 habebo.

819 2404 973 2469 Cum
1022 2405 1271 2484 veneriS,
1306 2406 1418 2470 hoc
1464 2414 1809 2491 cognosces·

819 2509 975 2574 Cum
1034 2510 1253 2574 Caesar
1306 2510 1380 2575 ad
1442 2511 1730 2596 oppidum
1787 2509 2133 2574 accessisset
2184 2515 2496 2593 castraque

912 2620 1181 2701 poneret,
1236 2623 1408 2700 pueri
1469 2614 1869 2699 mulieresque
1919 2636 1994 2677 ex
2053 2621 2226 2677 muro
2286 2622 2494 2698 pacem

908 2717 986 2802 ab
1031 2718 1323 2785 Romanis
1366 2719 1691 2805 petierunt.

471 2973 606 3037 635.
665 2969 886 3036 RULB:
940 2969 1020 3035 In
1074 2993 1111 3033 a
1164 2967 1366 3034 clause
1421 2966 1780 3031 introduced
1830 2965 1909 3051 by
1959 2984 2094 3030 cum
2146 2964 2496 3051 expressing

386 3091 552 3170 time,
582 3091 685 3156 the
713 3090 857 3156 verb
886 3091 941 3157 is
975 3090 1040 3155 in
1081 3091 1184 3156 the
1223 3089 1620 3177 Subjunctive
1651 3089 1703 3153 if
1748 3075 1849 3152 the
1887 3087 2211 3174 Imperfect
2247 3109 2317 3150 or
2344 3085 2491 3150 Plu-

385 3213 612 3299 perfect
639 3212 889 3291 tensefis
919 3212 1070 3278 used
1091 3238 1112 3292 3
1161 3212 1474 3278 otherwise
1506 3211 1569 3275 in
1603 3210 1704 3276 the
1735 3209 2091 3275 Indicative.

470 3464 752 3529 636.1.

816 3460 853 3527 Ι
897 3485 1018 3526 saw
1060 3453 1166 3526 the
1209 3483 1484 3548 emperor
1527 3460 1698 3525 when
1747 3459 1783 3524 Ι
1828 3483 1948 3523 was
1986 3427 2058 3523 ⁴at
2101 3458 2311 3523 Rome.

692 3571 751 3631 2.
814 3565 1015 3631 When
1060 3589 1147 3631 we
1193 3589 1289 3630 see
1312 3564 1335 3605 ¹
1381 3566 1450 3645 it,
1496 3589 1583 3629 we
1626 3564 1778 3629 shall
1825 3563 2053 3628 believe
2097 3562 2167 3628 it.

691 3673 751 3736 3.
812 3670 1016 3735 When
1056 3669 1272 3735 Caesar
1313 3669 1434 3734 had
1470 3668 1764 3754 arranged
1803 3668 1886 3733 all
1925 3663 2133 3752 things
2174 3673 2237 3730 at
2281 3665 2493 3742 Rome,

907 3774 985 3840 he
1029 3774 1316 3839 hastened
1359 3774 1490 3838 into
1541 3772 1720 3838 Gaul.

690 3882 753 3947 4.
814 3879 1016 3944 When
1041 3903 1128 3943 we
1161 3887 1365 3943 return
1383 3876 1407 3917 ¹
1430 3879 1626 3954 home,
1652 3899 1738 3938 we
1770 3873 1924 3937 shall
1954 3871 2033 3936 do
2061 3872 2229 3935 these
2261 3872 2488 3954 things.
